@misc{RISK,
  author = {Parker Brothers},
  title = {RISK The World Conquerior Game},
  howpublished = {\url{http://www.hasbro.com/common/instruct/risk.pdf}},
  note = {27/Octubre/2014}
}

@misc{JAVA,
  author = {ORACLE},
  title = {Descarga gratuita de Java},
  howpublished = {\url{https://java.com/es/download/index.jsp}},
  note = {06/Noviembre/2014}
}

@misc{JAXP,
  author = {},
  title = {JAXP Reference Implementation},
  howpublished = {\url{https://jaxp.java.net/}},
  note = {07/Noviembre/2014}

}

@book{xml,
  title={XML Developer's Guide},
  author={Borland Software Corporation},
  url={http://portal.aauj.edu/e_books/xml.pdf},
  year={1997}

}


@book{arciniegas2001xml,
  title={XML Developer's Guide},
  author={Arciniegas, F.},
  isbn={9780072126488},
  lccn={2001267053},
  series={Application development},
  url={http://books.google.com.mx/books?id=f0RvQgAACAAJ},
  year={2001},
  publisher={McGraw-Hill}
}